<collection xmlns="http://www.loc.gov/MARC21/slim"><record><leader>00862nam  2200265   450</leader><controlfield tag="001">719</controlfield><controlfield tag="003">http://montalegre.opacnet.com/OPAC/default.aspx?ContentAreaControl=ShowRegHoldings.ascx&amp;RegNo=16662</controlfield><datafield tag="010" ind1=" " ind2=" "><subfield code="a">972-23-2996-0</subfield></datafield><datafield tag="021" ind1=" " ind2=" "><subfield code="a">PT</subfield><subfield code="b">208085/04</subfield></datafield><datafield tag="100" ind1=" " ind2=" "><subfield code="a">20061013d2004    me y0pory0103    ba</subfield></datafield><datafield tag="101" ind1="1" ind2=" "><subfield code="a">por</subfield><subfield code="c">ita</subfield></datafield><datafield tag="102" ind1=" " ind2=" "><subfield code="a">PT</subfield></datafield><datafield tag="105" ind1=" " ind2=" "><subfield code="a">y   z   001ay</subfield></datafield><datafield tag="106" ind1=" " ind2=" "><subfield code="a">r</subfield></datafield><datafield tag="200" ind1="1" ind2=" "><subfield code="a">&lt;Um &gt;país para lá do azul do céu</subfield><subfield code="f">Susanna Tamaro</subfield><subfield code="g">trad. Maria Jorge Vilar de Figueiredo</subfield></datafield><datafield tag="205" ind1=" " ind2=" "><subfield code="a">4ª ed</subfield></datafield><datafield tag="210" ind1=" " ind2=" "><subfield code="a">Queluz de baixo</subfield><subfield code="c">Presença</subfield><subfield code="d">2004</subfield></datafield><datafield tag="215" ind1=" " ind2=" "><subfield code="a">93, [3] p.</subfield><subfield code="d">23 cm</subfield></datafield><datafield tag="225" ind1="2" ind2=" "><subfield code="a">Grandes narrativas</subfield><subfield code="v">199</subfield></datafield><datafield tag="304" ind1=" " ind2=" "><subfield code="a">Tít. orig.: Fuori</subfield></datafield><datafield tag="675" ind1=" " ind2=" "><subfield code="a">821</subfield><subfield code="v">BN</subfield><subfield code="z">por</subfield></datafield><datafield tag="700" ind1=" " ind2="1"><subfield code="a">Tamaro</subfield><subfield code="b">Susanna</subfield><subfield code="f">1957-</subfield></datafield><datafield tag="702" ind1=" " ind2="1"><subfield code="a">Figueiredo</subfield><subfield code="b">Maria Jorge Vilar de</subfield><subfield code="4">730</subfield><subfield code="3">32264</subfield></datafield><datafield tag="801" ind1=" " ind2="0"><subfield code="a">PT</subfield><subfield code="b">Biblioteca Municipal de Montalegre</subfield><subfield code="g">RPC</subfield></datafield><datafield tag="856" ind1=" " ind2=" "><subfield code="u">locateMedia.asp?cod=20060530153444&amp;ext=jpg</subfield><subfield code="z">CAPA</subfield></datafield><datafield tag="909" ind1="&#9;" ind2=" "><subfield code="a">1</subfield></datafield><datafield tag="966" ind1=" " ind2=" "><subfield code="a">0015908</subfield><subfield code="l">BMM</subfield><subfield code="s">SCG 821 TAM paí 199</subfield></datafield></record></collection>